<record><leader>00000cas a22000007a 4500</leader><controlfield tag="001">14163547</controlfield><controlfield tag="008">860829d18871914nvuwr ne      0    0eng d</controlfield><datafield ind1=" " ind2=" " tag="010"><subfield code="a">sn 86076366 </subfield></datafield><datafield ind1=" " ind2=" " tag="040"><subfield code="a">NNX</subfield><subfield code="b">eng</subfield><subfield code="c">NNX</subfield><subfield code="d">CNK</subfield><subfield code="d">OCLCQ</subfield><subfield code="d">DLC</subfield><subfield code="d">OCLCF</subfield></datafield><datafield ind1=" " ind2=" " tag="042"><subfield code="a">msc</subfield></datafield><datafield ind1=" " ind2=" " tag="043"><subfield code="a">n-us-nv</subfield></datafield><datafield ind1="0" ind2=" " tag="130"><subfield code="a">Weekly independent (Elko, Nev. : 1887)</subfield></datafield><datafield ind1="1" ind2="0" tag="245"><subfield code="a">Weekly independent.</subfield></datafield><datafield ind1="1" ind2=" " tag="246"><subfield code="i">Issues for August 1-October 17, 1913 called:</subfield><subfield code="a">Elko independent</subfield></datafield><datafield ind1=" " ind2=" " tag="260"><subfield code="a">Elko, Nev. :</subfield><subfield code="b">C.W. Grover,</subfield><subfield code="c">1887-</subfield></datafield><datafield ind1=" " ind2=" " tag="300"><subfield code="a">v. :</subfield><subfield code="b">ill.</subfield></datafield><datafield ind1=" " ind2=" " tag="310"><subfield code="a">Weekly</subfield></datafield><datafield ind1="0" ind2=" " tag="362"><subfield code="a">Vol. 21, no. 5 (Jan. 30, 1887)-</subfield></datafield><datafield ind1="1" ind2=" " tag="362"><subfield code="a">Ceased in Dec. 1914.</subfield><subfield code="z">Cf. Lingenfelter, R. Newspapers of Nev., 1854-1979.</subfield></datafield><datafield ind1=" " ind2=" " tag="580"><subfield code="a">Daily ed.: Daily independent (Elko, Nev.).</subfield></datafield><datafield ind1=" " ind2="0" tag="651"><subfield code="a">Elko (Nev.)</subfield><subfield code="v">Newspapers.</subfield></datafield><datafield ind1=" " ind2="7" tag="655"><subfield code="a">Newspapers.</subfield><subfield code="2">fast</subfield><subfield code="0">(OCoLC)fst01423814</subfield></datafield><datafield ind1=" " ind2="7" tag="651"><subfield code="a">Nevada</subfield><subfield code="z">Elko.</subfield><subfield code="2">fast</subfield><subfield code="0">(OCoLC)fst01217337</subfield></datafield><datafield ind1=" " ind2=" " tag="752"><subfield code="a">United States</subfield><subfield code="b">Nevada</subfield><subfield code="c">Elko</subfield><subfield code="d">Elko.</subfield></datafield><datafield ind1="1" ind2=" " tag="775"><subfield code="t">Daily independent (Elko, Nev.)</subfield><subfield code="w">(DLC)sn 84020355</subfield><subfield code="w">(OCoLC)10665985</subfield></datafield><datafield ind1="0" ind2="0" tag="780"><subfield code="t">Weekly Elko independent</subfield><subfield code="w">(DLC)sn 86091341</subfield><subfield code="w">(OCoLC)13457719</subfield></datafield></record>